<?xml version="1.0" encoding="UTF-8"?><collection xmlns="http://www.loc.gov/MARC21/slim"><record><leader>00542nam--2200145-i-4500</leader><controlfield tag="001">000049195</controlfield><controlfield tag="002">20161230</controlfield><controlfield tag="005">20161230201047</controlfield><controlfield tag="008">060222s1000------------r-----000-0-eng-d</controlfield><datafield ind1="1" ind2=" " tag="100"><subfield code="a">Langer, Rudolph E. (Ed)</subfield></datafield><datafield ind1="1" ind2="0" tag="245"><subfield code="a">PARTIAL DIFFERENTIAL EQUATIONS AND CONTINUUM MECHANICS. Proceedings of an International Conference Conducted by the University of Wisconsin, Madison, June 7-15, 1960</subfield></datafield><datafield ind1=" " ind2=" " tag="260"><subfield code="a">Madison, University Of Wisconsin Press, 1961, Xv+397p</subfield></datafield><datafield ind1=" " ind2=" " tag="700"><subfield code="a">Rudolph E. Langer</subfield></datafield><datafield ind1=" " ind2=" " tag="852"><subfield code="a">17488</subfield><subfield code="c">517.9</subfield></datafield><datafield ind1=" " ind2=" " tag="CAT"><subfield code="a">Sys</subfield><subfield code="c">20080930</subfield><subfield code="h">121214</subfield></datafield></record></collection>